
@article{Tres,
	address   = {Switzerland},
	author    = {M. Ridolfi et al.},
	journal   = {ALLSENSORS 2019 : The Fourth International Conference on Advances in Sensors, Actuators, Metering and Sensing Evaluation},
	title     = {Evaluation of Low-Cost / High-Accuracy Indoor Positioning Systems},
	volume    = {18},
	year      = {2018},
}

@article{Um,
	author    = {Amsters, R. and Demeester, E. and Slaets, P. and Stevens, N. and Lauwers, Q},
	journal   = {Scientific American},
	title     = {Experimental Evaluation of UWB Indoor Positioning for Sport Postures},
	year      = {2019},
	pages     = {20},
}

@inproceedings{Dois,
	title     = {COMO a Bonduelle melhorou a eficiência do seu armazém em 3%},
	url       = {https://www.pozyx.io/bonduelle-case-study},
	doi       = {10.1145/2617841.2620718},
	timestamp = {Thu, 01 Oct 2020 01:00:00 },

}

@inproceedings{Lucas1,
	author    = {TECHTUDO},
	title     = {O que é chip UWB: entenda a nova aposta da Apple e Samsung},
	url       = {https://www.techtudo.com.br/noticias/2020/08/o-que-e-chip-uwb-entenda-a-nova-aposta-da-apple-e-samsung.ghtml.},
	timestamp = {Fri, 02 Oct 2020 },
}

@inproceedings{Lucas2,
	author    = {ELETRONIC DESIGN},
	title     = {What’s The Difference Between Measuring Location By UWB, Wi-Fi, and Bluetooth?},
	url       = {https:https://www.electronicdesign.com/technologies/communications/article/21800581/whats-the-difference-between-measuring-location-by-uwb-wifi-and-bluetooth},
	timestamp = {Fri, 02 Oct 2020 },
}
@inproceedings{Lucas3,
	author    = {BLEESK},
	title     = {Ultra-Wideband (UWB)},
	url       = {https://bleesk.com/uwb.html},
	timestamp = {Fri, 02 Oct 2020 },
}

@inproceedings{Lucas4,
	author    = {ELIKO},
	title     = {The Story Behind UWB Technology and Indoor Positioning},
	url       = {https://www.eliko.ee/uwb-technology-indoor-positioning/},
	timestamp = {Fri, 02 Oct 2020 },
}
@inproceedings{BetellaEMOV2014,
	author    = {Alberto Betella and Alex Escuredo and Enrique Mart{\'{\i}}nez Bueno and Pedro Omedas and Paul F. M. J. Verschure},
	title     = {Manipulating complex network structures in virtual reality and 3D printing of the results},
	booktitle = {Proceedings of the 2014 Virtual Reality International Conference, {VRIC} 2014, Laval, France, April 9-11, 2014},
	pages     = {30:1--30:2},
	year      = {2014},
	crossref  = {DBLP:conf/vric/2014},
	url       = {http://doi.acm.org/10.1145/2617841.2620718},
	doi       = {10.1145/2617841.2620718},
	timestamp = {Thu, 23 Apr 2015 01:00:00 +0200},
	biburl    = {http://dblp.uni-trier.de/rec/bib/conf/vric/BetellaEMOV14},
	bibsource = {dblp computer science bibliography, http://dblp.org},
}